@ARTICLE{539438,
  author={Cishen Zhang and Minyue Fu},
  journal={IEEE Transactions on Automatic Control}, 
  title={A revisit to the gain and phase margins of linear quadratic regulators}, 
  year={1996},
  volume={41},
  number={10},
  pages={1527-1530},
  keywords={Regulators;Automatic control;Predictive control;Stability;Robust control;Control systems;Robustness;Predictive models;Automatic testing;Application software},
  doi={10.1109/9.539438}}
